<?xml version="1.0" encoding="UTF-8"?><collection xmlns="http://www.loc.gov/MARC21/slim"><record><leader>00338nam--2200121-i-4500</leader><controlfield tag="001">000045290</controlfield><controlfield tag="002">20161230</controlfield><controlfield tag="005">20161230201045</controlfield><controlfield tag="008">060222s1000------------r-----000-0-eng-d</controlfield><datafield ind1=" " ind2=" " tag="245"><subfield code="a">Technisch-phys.sammlung. bd.2:grundlagen der transistortechnik</subfield></datafield><datafield ind1=" " ind2=" " tag="260"><subfield code="a">Frankfurt/Main,Akad.Verlag.,1964. Xx+306 P</subfield></datafield><datafield ind1=" " ind2=" " tag="700"><subfield code="a">Rudolphsewig</subfield></datafield><datafield ind1=" " ind2=" " tag="852"><subfield code="a">21116</subfield></datafield></record></collection>